@article{mccarthy1982rea,
  title={The REA accounting model: A generalized framework for accounting systems in a shared data environment},
  author={McCarthy, William E},
  journal={Accounting Review Vol. 57, No. 3 (Jul., 1982)},
  pages={554--578},
  year={1982},
  note={[Online; accessed 21-June-2016, \url{http://www.msu.edu/user/mccarth4/McCarthy.pdf}]}
}

@article{geerts2010designsience,
  title={A design science research methodology and its application to accounting information systems research},
  author={Geerts, Guido L.},
  journal={International Journal of Accounting Information Systems 12 (2011) },
  pages={142--151},
  year={2011},
  note={[Online; accessed 13-June-2018, \url{https://doi.org/10.1016/j.accinf.2011.02.004}]}
}

@article{schwaiger2015aleandrea,
	title={The REA Accounting Model: Enhancing Understandability and Applicability},
	author={Walter S.A. Schwaiger},
	journal={Springer International Publishing Switzerland 2015
	P. Johannesson et al. (Eds.): ER 2015, LNCS 9381, pp. 566–573, 2015.
	DOI: 10.1007/978-3-319-25264-3\_43 },
	year={2015}
}

@techreport{ISOIEC1594442015,
 author = {ISO/IEC},
 Institution = {International Organization for Standardization},
 address = {Geneva, Switzerland},
 Title = {Information technology — Business Operational View —
 Part 4:
 Business transaction scenarios — Accounting and economic ontology},
 number = {15944--4:2015},
 type = {ISO/IEC},
 year = {20015},
 note={[Online; accessed 10-June-2018, \url{http://standards.iso.org/ittf/PubliclyAvailableStandards/c067199_ISO_IEC_15944-4_2015.zip}]}
 }
 
 @Book{hollander2000accounting,
  author = {Hollander, Anita},
  title = {Accounting, information technology, and business solutions},
  publisher = {Irwin/McGraw-Hill},
  year = {2000},
  address = {Boston, MA},
  isbn = {978-0256217896}
  }

@article{mccarthy2006reapolicy,
	author = "McCarthy, William E. and Geerts, Guido L.",
	title = "Policy Level Specification in REA Enterprise Information Systems",
	year = "2006",
	journal = "Journal of Information Systems 20(2) · September 2006"
}

 @book{hruby2006modeldrivendesign,
 author = {Pavel Hruby and Jesper Kiehn and Christian Vibe Scheller},
 title = {Model-Driven Design Using Business Patterns},
 year = {2006},
 publisher = {Springer-Verlag Berlin Heidelberg 2006}

 }
 
 @book{dunn2005enterpriseinfosys,
 	author = {Cheryl L. Dunn and J. Owen Cherrington and Anita S. Hollander},
 	title = {Enterprise Information Systems},
 	subtitle = {a pattern based approach},
 	edition = {third edition - international},
 	ISBN = {0-07-240429-9},
 	year = {2005},
 	publisher = {McGraw-Hill/Irwin}
 	
 }

@misc{mccarthy2004elmo-cookie-monster,
author = {McCarthy},
title = {Cookie Monster},
date = {26-02-2004},
year = "2004",
url = {https://msu.edu/user/mccarth4/cookie--elmo--basic%20REA.ppt},
note = "\url{{https://msu.edu/user/mccarth4/cookie--elmo--basic%20REA.ppt}}, [Accessed 26-August-2016]"
}
 
@misc{nittler2012modernizeaccounting,
author = {Mark Nittler},
title = {The Time Is Right to Modernize 400-Year-Old Accounting Practices},
date = {14-08-2012},
year = "2012",
url = {http://blogs.workday.com/time-is-right-to-modernize-400-year-old-accounting-practices/},
note = "\url{{http://blogs.workday.com/time-is-right-to-modernize-400-year-old-accounting-practices/}}, [Accessed 09-September-2016]"
}

@misc{howlett2007workdayfinancials,
author = {Dennis Howlett},
title = {Workday financials: accounting isn't real},
date = {20-08-2007},
year = "2007",
url = {http://www.zdnet.com/article/workday-financials-accounting-isnt-real/},
note = "\url{{http://www.zdnet.com/article/workday-financials-accounting-isnt-real/}}, [Accessed 09-September-2016]"
}

@article{wally2015modeldriven,
  added-at = {2016-09-09T10:24:59.000+0200},
  author = {Wally, Bernhard and Mazak, Alexandra and Kratzwald, Bernhard and Huemer, Christian},
  title = {Model-Driven Retail Information System based on REA Business Ontology and Retail-H},
  biburl = {http://www.bibsonomy.org/bibtex/22ae8bf478bc3d3803e64cb195e92d5c5/entropie},
  interhash = {587aac01714264f2cbc3e245b1bed432},
  intrahash = {2ae8bf478bc3d3803e64cb195e92d5c5},
  journal = {Proceedings of the 17th IEEE Conference on Business Informatics (CBI)", IEEE, (2015), ISBN: 978-1-4673-7340-1},
  keywords = {rea realist},
  month = jul,
  pages = {116 - 124},
  timestamp = {2016-09-09T10:24:59.000+0200},
  url = {http://publik.tuwien.ac.at/showentry.php?ID=240407&lang=2},
  volume = {IEEE, (2015)},
  year = 2015
}

@article{wally2015realista,
	abstract = {REAlist is a prototypical web-based ERP system built on top of a generic REA core system. It is implemented as a multi-tenant aware software-as-a-service. We intend to give a live demo of REAlist and show how various REA concepts are used to model the required ERP artefacts.},
	added-at = {2016-09-14T08:38:33.000+0200},
	author = {Wally, Bernhard and Mazak, Alexandra and Kratzwald, Bernhard and Huemer, Christian and Regatschnig, Peter and Mayrhofer, Dieter},
	title = {REAlist-A Tool Demo},
	biburl = {http://www.bibsonomy.org/bibtex/2034a5ac046b20062f9550df6bdffa36c/entropie},
	description = {Publication Entry},
	interhash = {ab849ca7f7c41f39f260e471818a8090},
	intrahash = {034a5ac046b20062f9550df6bdffa36c},
	journal = {Talk: 9th International Workshop on Value Modeling and Business Ontology (VMBO 2015), Tilburg; 02-23-2015 - 02-24-2015; in: "Proceedings of the 9th International Workshop on Value Modeling and Business Ontology (VMBO 2015)", (2015), 7 pages},
	keywords = {"ERP "Model- "Software-as-a-Service" "Tool Demo" Driven Engineering" Implementation" REA System},
	timestamp = {2016-09-14T08:38:33.000+0200},
	year = 2015
}

@Book{horngren2006introduction,
	author = {Horngren, Charles},
	title = {Introduction to financial accounting},
	publisher = {Prentice Hall},
	year = {2006},
	address = {Upper Saddle River, N.J},
	isbn = {0131968750}
}
 